%NameMeBIB.bbl


@article{ruppert1994multivariate,
  title={Multivariate locally weighted least squares regression},
  author={Ruppert, David and Wand, Matthew P},
  journal={The annals of statistics},
  pages={1346--1370},
  year={1994},
  publisher={JSTOR}
}
@book{wand1994kernel,
  title={Kernel smoothing},
  author={Wand, Matt P and Jones, M Chris},
  year={1994},
  publisher={Chapman and Hall/CRC}
}
@article{fan1995data,
  title={Data-driven bandwidth selection in local polynomial fitting: variable bandwidth and spatial adaptation},
  author={Fan, Jianqing and Gijbels, Irene},
  journal={Journal of the Royal Statistical Society. Series B (Methodological)},
  pages={371--394},
  year={1995},
  publisher={JSTOR}
}
@book{beran2016long,
  title={Long-Memory Processes.},
  author={Beran, Jan and Feng, Yuanhua and Ghosh, Sucharita and Kulik, Rafal},
  year={2016},
  publisher={Springer}
}
@article{feng2004non,
  title={Non-and Semiparametric Regression with Fractional Time Series Errors-Theory and Applications to Financial Data},
  author={Feng, Y},
  journal={Habilitation Monograph, University of Konstanz},
  year={2004}
}
@article{granger1980introduction,
  title={An introduction to long-memory time series models and fractional differencing},
  author={Granger, Clive WJ and Joyeux, Roselyne},
  journal={Journal of time series analysis},
  volume={1},
  number={1},
  pages={15--29},
  year={1980},
  publisher={Wiley Online Library}
}
@article{hosking1981fractional,
  title={Fractional differencing},
  author={Hosking, Jonathan RM},
  journal={Biometrika},
  volume={68},
  number={1},
  pages={165--176},
  year={1981},
  publisher={Oxford University Press}
}
@article{shimotsu2005exact,
  title={Exact local Whittle estimation of fractional integration},
  author={Shimotsu, Katsumi and Phillips, Peter CB and others},
  journal={The Annals of Statistics},
  volume={33},
  number={4},
  pages={1890--1933},
  year={2005},
  publisher={Institute of Mathematical Statistics}
}
@inproceedings{kunsch1987statistical,
  title={Statistical aspects of self-similar processes},
  author={Kunsch, Hans Rudolph},
  booktitle={Proceedings of the First World Congress of the Bernoulli Society, 1987},
  volume={1},
  pages={67--74},
  year={1987},
  organization={VNU Science Press}
}
@incollection{gasser1979kernel,
  title={Kernel estimation of regression functions},
  author={Gasser, Theo and M{\"u}ller, Hans-Georg},
  booktitle={Smoothing techniques for curve estimation},
  pages={23--68},
  year={1979},
  publisher={Springer}
}
@article{ray1997bandwidth,
  title={Bandwidth selection for kernel regression with long-range dependent errors},
  author={Ray, Bonnie K and Tsay, Ruey S},
  journal={Biometrika},
  volume={84},
  number={4},
  pages={791--802},
  year={1997},
  publisher={Oxford University Press}
}
@book{mandelbrot1983fractal,
  title={The fractal geometry of nature},
  author={Mandelbrot, Benoit B},
  volume={173},
  year={1983},
  publisher={WH freeman New York}
}
@article{cox1984review,
  title={A review},
  author={Cox, DR},
  journal={Statistics: An Appraisal, HA David and HT David (Eds.), The Iowa State University Press, Ames, Iowa},
  pages={55--74},
  year={1984}
}
@article{beran1995maximum,
  title={Maximum likelihood estimation of the differencing parameter for invertible short and long memory autoregressive integrated moving average models},
  author={Beran, Jan},
  journal={Journal of the Royal Statistical Society. Series B (Methodological)},
  pages={659--672},
  year={1995},
  publisher={JSTOR}
}
@inproceedings{hampel1987data,
  title={Data analysis and self-similar processes},
  author={Hampel, FR},
  booktitle={Proceedings of the 46th Session of the International Statistical Institute},
  pages={235--254},
  year={1987},
  organization={International Statistical Institute}
}
@techreport{beran2000data,
  title={Data-driven estimation of semiparametric fractional autoregressive models},
  author={Beran, Jan and Feng, Yuanhua},
  year={2000},
  institution={CoFE Discussion Paper}
}
@article{beran2002local,
  title={Local polynomial fitting with long-memory, short-memory and antipersistent errors},
  author={Beran, Jan and Feng, Yuanhua},
  journal={Annals of the Institute of Statistical Mathematics},
  volume={54},
  number={2},
  pages={291--311},
  year={2002},
  publisher={Springer}
}
@article{beran2002semifar,
	title={SEMIFAR models—a semiparametric approach to modelling trends, long-range dependence and nonstationarity},
	author={Beran, Jan and Feng, Yuanhua},
	journal={Computational Statistics \& Data Analysis},
	volume={40},
	number={2},
	pages={393--419},
	year={2002},
	publisher={Elsevier}
}
@book{beran2017statistics,
	title={Statistics for long-memory processes},
	author={Beran, Jan},
	year={2017},
	publisher={Routledge}
}
@article{beran2002iterative,
	title={Iterative plug-in algorithms for SEMIFAR models—definition, convergence, and asymptotic properties},
	author={Beran, Jan and Feng, Yuanhua},
	journal={Journal of Computational and Graphical statistics},
	volume={11},
	number={3},
	pages={690--713},
	year={2002},
	publisher={Taylor \& Francis}
}
@article{feng2004simultaneously,
	title={Simultaneously modeling conditional heteroskedasticity and scale change},
	author={Feng, Yuanhua},
	journal={Econometric Theory},
	volume={20},
	number={3},
	pages={563--596},
	year={2004},
	publisher={Cambridge University Press}
}
@article{beran2015modelling,
	title={Modelling long-range dependence and trends in duration series: an approach based on EFARIMA and ESEMIFAR models},
	author={Beran, Jan and Feng, Yuanhua and Ghosh, Sucharita},
	journal={Statistical Papers},
	volume={56},
	number={2},
	pages={431--451},
	year={2015},
	publisher={Springer}
}
@incollection{beran2015efarima,
	title={On EFARIMA and ESEMIFAR Models},
	author={Beran, Jan and Feng, Yuanhua and Ghosh, Sucharita},
	booktitle={Empirical Economic and Financial Research},
	pages={239--253},
	year={2015},
	publisher={Springer}
}
@article{dahlhaus1997fitting,
	title={Fitting time series models to nonstationary processes},
	author={Dahlhaus, Rainer and others},
	journal={The annals of Statistics},
	volume={25},
	number={1},
	pages={1--37},
	year={1997},
	publisher={Institute of Mathematical Statistics}
}
@article{engle2002new,
	title={New frontiers for ARCH models},
	author={Engle, Robert},
	journal={Journal of Applied Econometrics},
	volume={17},
	number={5},
	pages={425--446},
	year={2002},
	publisher={Wiley Online Library}
}
@book{beran2014empirical,
	title={Empirical economic and financial research: theory, methods and practice},
	author={Beran, Jan and Feng, Yuanhua and Hebbel, Hartmut},
	volume={48},
	year={2014},
	publisher={Springer}
}
@article{beran2009least,
	title={On least squares estimation for long-memory lattice processes},
	author={Beran, Jan and Ghosh, Sucharita and Schell, Dieter},
	journal={Journal of Multivariate Analysis},
	volume={100},
	number={10},
	pages={2178--2194},
	year={2009},
	publisher={Elsevier}
}
@article{lavancier2007invariance,
	title={Invariance principles for non-isotropic long memory random fields},
	author={Lavancier, Fr{\'e}d{\'e}ric},
	journal={Statistical inference for stochastic processes},
	volume={10},
	number={3},
	pages={255--282},
	year={2007},
	publisher={Springer}
}
@article{lavancier2008v,
	title={The V/S test of long-range dependence in random fields},
	author={Lavancier, Fr{\'e}d{\'e}ric and others},
	journal={Electronic Journal of Statistics},
	volume={2},
	pages={1373--1390},
	year={2008},
	publisher={The Institute of Mathematical Statistics and the Bernoulli Society}
}
@article{guo2009local,
	title={Local Whittle estimator for anisotropic random fields},
	author={Guo, Hongwen and Lim, Chae Young and Meerschaert, Mark M},
	journal={Journal of Multivariate Analysis},
	volume={100},
	number={5},
	pages={993--1028},
	year={2009},
	publisher={Elsevier}
}
@article{angulo2000estimation,
	title={Estimation and filtering of fractional generalised random fields},
	author={Angulo, JM and Ruiz-Medina, MD and Anh, VV},
	journal={Journal of the Australian Mathematical Society},
	volume={69},
	number={3},
	pages={336--361},
	year={2000},
	publisher={Cambridge University Press}
}
@article{anh1999possible,
	title={Possible long-range dependence in fractional random fields},
	author={Anh, VV and Angulo, JM and Ruiz-Medina, MD},
	journal={Journal of Statistical Planning and Inference},
	volume={80},
	number={1-2},
	pages={95--110},
	year={1999},
	publisher={Elsevier}
}
@article{hall1990nonparametric,
	title={Nonparametric regression with long-range dependence},
	author={Hall, Peter and Hart, Jeffrey D},
	journal={Stochastic Processes and Their Applications},
	volume={36},
	number={2},
	pages={339--351},
	year={1990},
	publisher={Elsevier}
}
@article{beran1998unified,
	title={On unified model selection for stationary and nonstationary short-and long-memory autoregressive processes},
	author={Beran, Jan and Bhansali, RJ and Ocker, D},
	journal={Biometrika},
	volume={85},
	number={4},
	pages={921--934},
	year={1998},
	publisher={Oxford University Press}
}
@article{chen2012predicting,
	title={Predicting stock volatility using after-hours information: Evidence from the NASDAQ actively traded stocks},
	author={Chen, Chun-Hung and Yu, Wei-Choun and Zivot, Eric},
	journal={International Journal of Forecasting},
	volume={28},
	number={2},
	pages={366--383},
	year={2012},
	publisher={Elsevier}
}
@techreport{hardle1997multivariate,
	title={Multivariate and semiparametric kernel regression},
	author={H{\"a}rdle, Wolfgang and M{\"u}ller, Marlene},
	year={1997},
	institution={Discussion Papers, Interdisciplinary Research Project 373: Quantification~…}
}
@book{scott2015multivariate,
	title={Multivariate density estimation: theory, practice, and visualization},
	author={Scott, David W},
	year={2015},
	publisher={John Wiley \& Sons}
}
@article{gasser1984estimating,
	title={Estimating regression functions and their derivatives by the kernel method},
	author={Gasser, Theo and M{\"u}ller, Hans-Georg},
	journal={Scandinavian Journal of Statistics},
	pages={171--185},
	year={1984},
	publisher={JSTOR}
}
@article{feng2003kernel,
	title={Kernel dependent functions in nonparametric regression with fractional time series errors},
	author={Feng, Yuanhua},
	year={2003}
}
@article{beran2001volatility,
  title={Volatility of stock-market indexes—an analysis based on SEMIFAR models},
  author={Beran, Jan and Ocker, Dirk},
  journal={Journal of Business \& Economic Statistics},
  volume={19},
  number={1},
  pages={103--116},
  year={2001},
  publisher={Taylor \& Francis}
}